<collection xmlns="http://www.loc.gov/MARC21/slim">
<record>
  <leader>01778nam0a2200349 i 450 </leader>
  <controlfield tag="001">IT\ICCU\CNCE\058907</controlfield>
  <controlfield tag="005">20080415000000.0</controlfield>
  <datafield tag="012" ind1=" " ind2=" ">
    <subfield code="a">i-ec t,e- ntu* &amp;ssp (3) 1550 (R)</subfield>
    <subfield code="2">fei</subfield>
  </datafield>
  <datafield tag="100" ind1=" " ind2=" ">
    <subfield code="a">20040730d1550        0itac0103    ba</subfield>
  </datafield>
  <datafield tag="101" ind1=" " ind2=" ">
    <subfield code="a">LAT</subfield>
  </datafield>
  <datafield tag="102" ind1=" " ind2=" ">
    <subfield code="a">IT</subfield>
  </datafield>
  <datafield tag="200" ind1="1" ind2=" ">
    <subfield code="a">Libellus sane aureus, praestantiss. ac praeclariss. Petri Aponensis medici &amp; philosophi. De venenis. Nunc postremo recognitus suaeque integritati restitutus</subfield>
  </datafield>
  <datafield tag="210" ind1=" " ind2=" ">
    <subfield code="a">Venetiis</subfield>
    <subfield code="c">apud Ioan. Gryphium</subfield>
    <subfield code="d">1550</subfield>
    <subfield code="e">Venetiis</subfield>
    <subfield code="g">apud Ioan. Gryphium</subfield>
    <subfield code="h">1550</subfield>
  </datafield>
  <datafield tag="215" ind1=" " ind2=" ">
    <subfield code="a">63, \1! p.</subfield>
    <subfield code="d">8ʻ</subfield>
  </datafield>
  <datafield tag="620" ind1=" " ind2=" ">
    <subfield code="a">IT</subfield>
    <subfield code="d">Venezia</subfield>
  </datafield>
  <datafield tag="700" ind1=" " ind2="0">
    <subfield code="a">Pietro</subfield>
    <subfield code="c"> : d&apos;#Abano</subfield>
    <subfield code="3">IT\ICCU\CNCA\004476</subfield>
  </datafield>
  <datafield tag="712" ind1="0" ind2="0">
    <subfield code="a">Griffio, Giovanni</subfield>
    <subfield code="c"> &lt;1.&gt;</subfield>
    <subfield code="3">IT\ICCU\CNCT\002057</subfield>
    <subfield code="4">650</subfield>
  </datafield>
  <datafield tag="790" ind1=" " ind2="0">
    <subfield code="a">Petrus</subfield>
    <subfield code="c"> : Paduanensis</subfield>
    <subfield code="3">IT\ICCU\CNCA\004857</subfield>
    <subfield code="z">Pietro : d&apos;#Abano</subfield>
  </datafield>
  <datafield tag="790" ind1=" " ind2="1">
    <subfield code="a">Abano,</subfield>
    <subfield code="b">Pietro : d&apos;</subfield>
    <subfield code="3">IT\ICCU\CNCA\007521</subfield>
    <subfield code="z">Pietro : d&apos;#Abano</subfield>
  </datafield>
  <datafield tag="790" ind1=" " ind2="0">
    <subfield code="a">Petrus</subfield>
    <subfield code="c"> : Aponensis</subfield>
    <subfield code="3">IT\ICCU\CNCA\008767</subfield>
    <subfield code="z">Pietro : d&apos;#Abano</subfield>
  </datafield>
  <datafield tag="790" ind1=" " ind2="0">
    <subfield code="a">Petrus</subfield>
    <subfield code="c"> : de#Apono</subfield>
    <subfield code="3">IT\ICCU\CNCA\014800</subfield>
    <subfield code="z">Pietro : d&apos;#Abano</subfield>
  </datafield>
  <datafield tag="790" ind1=" " ind2="0">
    <subfield code="a">Petrus</subfield>
    <subfield code="c"> : de#Abano</subfield>
    <subfield code="3">IT\ICCU\CNCA\022641</subfield>
    <subfield code="z">Pietro : d&apos;#Abano</subfield>
  </datafield>
  <datafield tag="790" ind1=" " ind2="0">
    <subfield code="a">Petrus</subfield>
    <subfield code="c"> : Apponus</subfield>
    <subfield code="3">IT\ICCU\CNCA\022642</subfield>
    <subfield code="z">Pietro : d&apos;#Abano</subfield>
  </datafield>
  <datafield tag="791" ind1="0" ind2="0">
    <subfield code="a">Gryphius, Ioannes</subfield>
    <subfield code="c"> &lt;1.&gt;</subfield>
    <subfield code="3">IT\ICCU\CNCT\003549</subfield>
    <subfield code="z">Griffio, Giovanni &lt;1.&gt;</subfield>
  </datafield>
  <datafield tag="791" ind1="0" ind2="0">
    <subfield code="a">Grifio, Giovanni</subfield>
    <subfield code="3">IT\ICCU\CNCT\005052</subfield>
    <subfield code="z">Griffio, Giovanni &lt;1.&gt;</subfield>
  </datafield>
  <datafield tag="791" ind1="0" ind2="0">
    <subfield code="a">Grifi, Giovanni</subfield>
    <subfield code="c"> &lt;1&gt;</subfield>
    <subfield code="3">IT\ICCU\CNCT\005187</subfield>
    <subfield code="z">Griffio, Giovanni &lt;1.&gt;</subfield>
  </datafield>
  <datafield tag="801" ind1=" " ind2="3">
    <subfield code="a">IT</subfield>
    <subfield code="b">ICCU</subfield>
    <subfield code="c">20201115</subfield>
  </datafield>
  <datafield tag="899" ind1=" " ind2=" ">
    <subfield code="a">Biblioteca universitaria. Bologna</subfield>
    <subfield code="1">BO0098</subfield>
    <subfield code="2">UBO BU</subfield>
  </datafield>
  <datafield tag="899" ind1=" " ind2=" ">
    <subfield code="a">Biblioteca universitaria. Cagliari</subfield>
    <subfield code="1">CA0194</subfield>
    <subfield code="2">CAG UC</subfield>
  </datafield>
  <datafield tag="899" ind1=" " ind2=" ">
    <subfield code="a">Biblioteca nazionale Braidense. Milano</subfield>
    <subfield code="1">MI0185</subfield>
    <subfield code="2">MIL NB</subfield>
  </datafield>
  <datafield tag="899" ind1=" " ind2=" ">
    <subfield code="a">Biblioteca comunale degli Intronati. Siena</subfield>
    <subfield code="1">SI0046</subfield>
    <subfield code="2">RT1 QI</subfield>
  </datafield>
  <datafield tag="899" ind1=" " ind2=" ">
    <subfield code="a">Biblioteca civica Girolamo Tartarotti. Rovereto</subfield>
    <subfield code="1">TN0103</subfield>
    <subfield code="2">ZTN 08</subfield>
  </datafield>
</record>
</collection>
